@misc{abaqus,
    title        = "ABAQUS user manual:",
    url = "http://www.ilsb.tuwien.ac.at/v6.10"
}
@MastersThesis{alejandro15,
	author = {Alejandro Arturo Rios},
	title = {Método bodoso do alejo},
	school = {Insituto Tecnológico de Aeronáutica},
	year = {2015},
}

@book{wright07, 
	author = "Jan R. Wright and Jonathan E. Cooper",
	title = "Introduction to aircraft aeroelasticity and loads", 
	year = "2007", 
	publisher = "John Wiley and Sons Ltd.",
	address = "Reino Unido"
}
@misc{far23,
    author    = "Federal Aviation Administration",
    title        = "Federal  Aviation  Regulations - Part  23"
}
@book{vinh93,
    author    = "Nguyen X Vinh",
    title     = "Flight Mechanics of high performance aircraft",
    publisher = "Cambridge University Press",
    year      = "1993",
    %month    = "",
    %note     = "",
}
@book{anderson99,
    author    = "John D Anderson",
    title     = "Introduction to flight",
    year      = "1999",
    publisher = "McGraw-Hill",
    address   = "USA"
}
@book{anderson01,
    author    = "John D Anderson",
    title     = "Fundamentals of Aerodynamics",
    year      = "2001",
    publisher = "McGraw-Hill",
    address   = "USA"
}
@book{harris99,
    author    = "Harry G. Harris , Gajanan Sabnis",
    title     = "Structural Modeling and Experimental Techniques",
    year      = "1999",
    publisher = "CRC Press",
    address   = ""
}
@book{iscold, 
	author = "Paulo Henriques Iscold Andrade de Oliveira", 
	title = "Introdu\c{c}\~{a}o as cargas nas aeronaves", 
	year = "", 
	publisher = "", 
	address = ""
}
@book{brederode97,
    author    = "V. Brederode",
    title     = "Fundamentos de aerodin\^{a}mica incompress\'{i}vel",
    year      = "1997",
    publisher = "editora Lisboa",
    address   = "Lisboa"
}
@book{yechout03,
    author    = "T R Yechout",
    title     = "Introduction to Aircraft Flight Mechanics: Performance, Static Stability, Dynamic Stability, and Classical Feedback Control",
    year      = "2003",
    publisher = "AIAA Education",
    address   = "Virginia"
}
@book{andrisani97,
    author    = " D. A. P. M. E. Andrisani",
    title     = "The determination of longitudinal flying qualities requirements for light weight unmanned aircraft",
    year      = "1997",
    publisher = "AIAA",
    address   = "AIAA  Guidance, Navigation and Control Conference. [S.l.]"
}
@book{bussamra09,
    author    = "F. L. D. S. Bussamra and C. M. Montestruque and J. C. Santos",
    title     = "Numerical  and experimental  structural  analysis  of  unmanned  aerial  vehicle  wings",
    year      = "2009",
    publisher = "",
    address   = "S\~{a}o Jos\'{e} dos Campos, Instituto Tecnol\'{o}gico de Aeron\'{a}utica"
}
@book{etkin59,
    author    = "B. Etkin",
    title     = "Dynamics of flight stability and control",
    year      = "1959",
    publisher = "McGraw-Hill",
    address   = "Toronto, Canad\'{a}",
	edition   = ""
}
@book{hoerner65,
    author    = "Sighard F. Hoerner",
    title     = "Fluid-dynamic drag",
    year      = "1965",
    publisher = "",
    address   = "Bakersfiel, Calif\'{o}rnia, EUA",
	edition   = ""
}
@book{karamcheti66,
    author    = "K. Karamcheti",
    title     = "Principles of ideal fluid aerodynamics",
    year      = "1966",
    publisher = "Wiley",
    address   = "New York, EUA"
}
@book{mccormick94,
    author    = "Barnes W. McCormick",
    title     = "Aerodynamics, aeronautics and flight mechanics",
    year      = "1994",
    publisher = "Jonh Wiley and Sons, Inc.",
    address   = "EUA",
	edition   = "2\textsuperscript{\d a} edi\c{c}\~{a}o"
}
@book{megson99,
    author    = "T. H. G. Megson",
    title     = "Aircraft  structures  for  engineering  students",
    year      = "1999",
    publisher = "Butterworth Scientific",
    address   = "Oxford",
	edition   = "3\textsuperscript{\d a} edi\c{c}\~{a}o"
}
@book{miranda09,
    author    = "Luiz Eduardo Miranda J. Rodrigues",
    title     = "Fundamentos da engenharia aeronáutica",
    year      = "2009",
    publisher = "Cengage Learning",
    address   = "S\~{a}o Paulo: Instituto Federal de Educa\c{c}\{a}o, Ci\^{e}ncia e Tecnologia de S\~{a}o Paulo"
}
@book{nelson98,
    author    = "R. C. Nelson",
    title     = "Flight stability and automatic control",
    year      = "1998",
    publisher = "McGraw-Hill",
    address   = "",
	edition   = "2"
}
@book{nicolai75,
    author    = "L. M. Nicolai",
    title     = "Fundamentals of aircraft design",
    year      = "1975",
    publisher = "METS",
    address   = "San Jose, California, EUA"
}
@book{paglione85,
    author    = "P. Paglione",
    title     = "Desempenho de aeronaves  fundamentos, condi\c{c}\~{o}es de v\^{o}o e segmentos de trajet\'{o}ria",
    year      = "1985",
    publisher = "",
    address   = "S\~{a}o Jos\'{e} dos Campos, Instituto Tecnol\'{o}gico de Aeron\'{a}utica"
}
@book{paglione90a,
    author    = "P. Paglione and M. C. Zanardi",
    title     = "Estabilidade e controle de aeronaves",
    year      = "1990",
    publisher = "",
    address   = "S\~{a}o Jos\'{e} dos Campos, Instituto Tecnol\'{o}gico de Aeron\'{a}utica"
}
@book{paglione90b,
    author    = "P. Paglione",
    title     = "Desempenho de Aeronaves",
    year      = "1990",
    publisher = "",
    address   = "S\~{a}o Jos\'{e} dos Campos, Instituto Tecnol\'{o}gico de Aeron\'{a}utica"
}
@book{pope47,
    author    = "Alan Pope",
    title     = "Wind-tunnel testing",
    year      = "1947",
    publisher = "John Wiley and Sons Inc.",
    address   = "New York, EUA"
}
@book{raymer89,
    author    = "D. P. Raymer",
    title     = "Aircraft design: a conceptual approach",
    year      = "1989",
    publisher = "AIAA",
    address   = "Washington, DC, EUA"
}
@book{roskam02,
    author    = "J. Roskam",
    title     = "Airplane design",
    year      = "2002",
    publisher = "DAR Corporation",
    address   = "Lawrence,  Kansas, EUA"
}
@book{roskam97,
    author    = "J. Roskam",
    title     = "Airplane  aerodynamics  and  performance",
    year      = "1997",
    publisher = "DAR Corporation",
    address   = "Lawrence,  Kansas, EUA"
}
@book{schlichting79,
    author    = "H. Schlichting",
    title     = "Aerodynamics of the airplane",
    year      = "1979",
    publisher = "McGraw-Hill",
    address   = "New York, EUA"
}
@book{schlichting60,
    author    = "H. Schlichting and E. Truckenbrodt",
    title     = "Aerodynamik des flugzeuges",
    year      = "1960",
    publisher = "Springer-Verlag",
    address   = "Berlim"
}
@book{silva-din12,
    author    = "R. G. A. D. Silva",
    title     = "AE-712 Aeroelasticidade Din\^{a}mica",
    year      = "2012",
    address   = "S\~{a}o Jos\'{e} dos Campos"
}
@book{silva-est12,
    author    = "R. G. A. D. Silva",
    title     = "AE-712 Aeroelasticidade Est\'atica",
    year      = "2012",
    address   = "S\~{a}o Jos\'{e} dos Campos"
}
@book{stevens03,
    author    = "B. L. Stevens and F. L. Lewis",
    title     = "Aircraft control and simulation",
    year      = "2003",
    publisher = "Wiley",
    address   = "Hoboken, New Jersey, EUA",
	edition   = "2"
}
@book{stengel04,
    author    = "Robert F. Stengel",
    title     = "Flight Dynamics",
    year      = "2004",
    publisher = "Princeton University Press",
    address   = "Princeton"
}
@conference{peters97,
    author    = "Mark E. Peters and Dominick Andrisani",
    title     = " The  determination  of  longitudinal  flying qualities requirements for light weight unmanned aircraft",
    booktitle = " AIAA Guidance, Navigation, and Control Conference",
    address   = "New Orleans, Los Angeles, EUA",
    year      = "1997"
}
@conference{boermans97,
    author    = "L. Boermans and F. Nicolosi",
    title     = "Sailplane Fuselage and Wing-Fuselage Junction Design",
    booktitle = "XXV Ostiv Congress - S. Auban (France)",
    address   = "France",
    year      = "1997"
}
@misc{website:airfoil-database,
    url          = "http://www.ae.uiuc.edu/m-selig/ads/coord_database.html",
    title        = "UIUC Airfoil Coordinates Database"
}
@misc{website:faa-regulations,
    url          = "http://www.faa.gov/regulations_policies/faa_regulations/",
	author       = "FAA",
    title        = "FAA Regulations"
}
@misc{website:avl-overview,
    url          = "http://web.mit.edu/drela/Public/web/avl/",
	author       = "Mark Drela and Harold Youngren",
    title        = "AVL: Athena Vortex Lattice"
}
@misc{website:xfoil,
    url          = "http://web.mit.edu/drela/Public/web/xfoil/",
	author       = "Mark Drela and Harold Youngren",
    title        = "XFOIL: Subsonic Airfoil Development System"
}
@misc{website:faq-osengine,
    url          = "http://www.osengines.com/faq/faq-q900.html",
	author       = "O. S. Engine",
    title        = "F.A.Q: O. S. Engines"
}
@misc{website:javaprop,
    url          = "http://www.mh-aerotools.de/airfoils/javaprop.htm",
	author       = "M. Hepperle",
    title        = "JavaProp - Design and Analysis of Propellers"
}
@misc{website:eagle-tree,
    url          = "http://www.eagletreesystems.com/",
	author       = "Eagle Tree",
    title        = "Eagle Tree Systems"
}
@misc{website:astm,
    url          = "http://www.astm.org/",
	author       = "ASTM International",
    title        = "Standard Specification for Design and Performance of a Light Sport Airplane"
}
@misc{apresentacaoforum07,
    title        = "Apresenta\c{c}\~{a}o de Cargas e Estruturas no F\'{o}rum AeroDesign",
    year         = "2007"
}
@misc{handbook-baterias,
	author       = "Isidor Buchmann",
    title        = "Batteries in a portable world - A handbook on rechargeable batteries for non-engineers",
    year         = "2003"
}
@misc{balsa,
	author       = "American Balsa Wood",
    title        = "Balsa Wood Property Data",
    year         = "2010"
}
@misc{araldite,
	author       = "Cyba Polymers",
    title        = "Araldite LY 5052 and Hardener HY 5052 Properties Guide",
    year         = "1996"
}
@misc{divinycell,
	author       = "Diab",
    title        = "Technical Data for Divinycell H Grade",
    year         = "2011"
}
@misc{fibratoho,
	author       = "Toho Tenax America",
    title        = "HTS 5631 800/1600tex Technical Data",
    year         = "2012"
}
@techreport{smetana72,
    author      = "F. O. Smetana and D. C. Summey and W. D. Johnson",
    title       = "Riding and handling qualities of light aircraft  a review and analysis",
    institution = "NASA",
	note        = "CR-1975",
    address     = "Washington, DC",
    year        = "1972"
}
@techreport{durand39,
    author      = "W. F. Durand and L. E. P.",
    title       = "Experimental Research on Air Propellers II",
    institution = "NACA",
    note        = "T.R. n°30",
	address     = "",
    year        = "1939"
}
@techreport{department-of-defense,
    author      = "U.S. Department of Defense",
    title       = "Flying qualities of piloted aircraft",
    institution = "U.S. Department of Defense",
    note        = "MIL-STD-1797B",
	address     = "",
    year        = "2006"
}
@article{morelli12,
    author    = "E. A. Morelli",
    title     = "Real-time aerodynamic parameter estimation without air flow angle",
    journal   = "Journal of Aircraft",
    volume    = "4",
    pages     = "1064-1074",
    year      = "2012"
}